% Encoding: UTF-8

@Article{Hess,
  author    = {Hess, Eckhard H. and Polt, James M.},
  title     = {Pupil Size as Related to Interest Value of Visual Stimuli},
  journal   = {Science},
  year      = {1960},
  volume    = {132},
  number    = {3423},
  pages     = {349--350},
  issn      = {0036-8075},
  abstract  = {Increases in the size of the pupil of the eye have been found to accompany the viewing of emotionally toned or interesting visual stimuli. A technique for recording such changes has been developed, and preliminary results with cats and human beings are reported with attention being given to differences between the sexes in response to particular types of material.},
  doi       = {10.1126/science.132.3423.349},
  eprint    = {https://science.sciencemag.org/content/132/3423/349.full.pdf},
  publisher = {American Association for the Advancement of Science},
  url       = {https://science.sciencemag.org/content/132/3423/349},
}

@Article{Hammerer,
  author  = {Hämmerer, Dorothea and Hopkins, Alexandra and Betts, Matthew and Maass, Anne and J Dolan, Ray and Duzel, Emrah},
  title   = {Emotional arousal and recognition memory are differentially reflected in pupil diameter responses during emotional memory for negative events in younger and older adults},
  journal = {Neurobiology of Aging},
  year    = {2017},
  volume  = {58},
  month   = {06},
  doi     = {10.1016/j.neurobiolaging.2017.06.021},
}

@Article{Bradley,
  author    = {Margaret M. Bradley and Laura Miccoli and Miguel A. Escrig and Peter J. Lang},
  title     = {The pupil as a measure of emotional arousal and autonomic activation},
  journal   = {Psychophysiology},
  year      = {2008},
  volume    = {45},
  number    = {4},
  pages     = {602--607},
  issn      = {0048-5772},
  note      = {578 cites:},
  citation  = {https://api.wiley.com/onlinelibrary/tdm/v1/articles/10.1111%2Fj.1469-8986.2008.00654.x},
  doi       = {10.1111/j.1469-8986.2008.00654.x},
  publisher = {Wiley},
  type      = {journal-article},
  url       = {http://dx.doi.org/10.1111/j.1469-8986.2008.00654.x},
}

@Article{Querino,
  author    = {Emanuel Querino and Lafaiete dos Santos and Giuliano Ginani and Eduardo Nicolau and Débora Miranda and Marco Romano-Silva and Leandro Malloy-Diniz},
  title     = {Cognitive effort and pupil dilation in controlled and automatic processes},
  journal   = {Translational Neuroscience},
  year      = {2015},
  volume    = {6},
  number    = {1},
  issn      = {2081-6936},
  note      = {2 cites:},
  citation  = {https://www.degruyter.com/view/j/tnsci.2015.6.issue-1/tnsci-2015-0017/tnsci-2015-0017.pdf},
  doi       = {10.1515/tnsci-2015-0017},
  publisher = {Walter de Gruyter GmbH},
  type      = {journal-article},
  url       = {http://dx.doi.org/10.1515/tnsci-2015-0017},
}

@Article{Staniucha,
  author    = {Adam Wojciechowski and Robert Staniucha},
  title     = {Mouth features extraction for emotion classiﬁcation},
  journal   = {Proceedings of the 2016 Federated Conference on Computer Science and Information Systems},
  year      = {2016},
  note      = {2 cites:},
  doi       = {10.15439/2016f390},
  publisher = {IEEE},
  type      = {proceedings-article},
  url       = {http://dx.doi.org/10.15439/2016f390},
}

@Article{Wyatt,
  author    = {Harry J. Wyatt},
  title     = {The form of the human pupil},
  journal   = {Vision Research},
  year      = {1995},
  volume    = {35},
  number    = {14},
  pages     = {2021--2036},
  issn      = {0042-6989},
  note      = {63 cites:},
  citation  = {https://api.elsevier.com/content/article/PII:004269899400268Q?httpAccept=text/xml},
  doi       = {10.1016/0042-6989(94)00268-q},
  publisher = {Elsevier BV},
  type      = {journal-article},
  url       = {http://dx.doi.org/10.1016/0042-6989(94)00268-q},
}

@Article{Ellis,
  author    = {C J Ellis},
  title     = {The pupillary light reflex in normal subjects.},
  journal   = {British Journal of Ophthalmology},
  year      = {1981},
  volume    = {65},
  number    = {11},
  pages     = {754--759},
  issn      = {0007-1161},
  note      = {92 cites:},
  citation  = {https://syndication.highwire.org/content/doi/10.1136/bjo.65.11.754},
  doi       = {10.1136/bjo.65.11.754},
  publisher = {BMJ},
  type      = {journal-article},
  url       = {http://dx.doi.org/10.1136/bjo.65.11.754},
}

@Book{Walker,
  title     = {Clinical Methods: The History, Physical, and Laboratory Examinations},
  publisher = {Butterworth Publishers},
  year      = {1990},
  author    = {Kenneth Walker and Dallas Hall and J Willis Hurst},
}

@Article{Pamplona,
  author        = {Pamplona, Vitor F. and Oliveira, Manuel M. and Baranoski, Gladimir V. G.},
  title         = {Photorealistic Models for Pupil Light Reflex and Iridal Pattern Deformation},
  journal       = {ACM Trans. Graph.},
  year          = {2009},
  volume        = {28},
  number        = {4},
  pages         = {106:1--106:12},
  month         = sep,
  issn          = {0730-0301},
  __markedentry = {[MenosG:6]},
  acmid         = {1559763},
  address       = {New York, NY, USA},
  articleno     = {106},
  doi           = {10.1145/1559755.1559763},
  issue_date    = {August 2009},
  keywords      = {Face animation, image-based modelling, iris animation, photorealism, physiologically-based modelling},
  numpages      = {12},
  publisher     = {ACM},
  url           = {http://doi.acm.org/10.1145/1559755.1559763},
}

@Article{Holladay,
  author    = {L. L. Holladay},
  title     = {The Fundamentals of Glare and Visibility},
  journal   = {Journal of the Optical Society of America},
  year      = {1926},
  volume    = {12},
  number    = {4},
  pages     = {271--271},
  issn      = {0030-3941},
  note      = {156 cites:},
  citation  = {https://www.osapublishing.org/viewmedia.cfm?URI=josa-12-4-271\&seq=0},
  doi       = {10.1364/josa.12.000271},
  publisher = {The Optical Society},
  type      = {journal-article},
  url       = {http://dx.doi.org/10.1364/josa.12.000271},
}

@Article{Crawford,
  author    = {B. H. Crawford},
  title     = {The dependence of pupil size upon external light stimulus under static and variable conditions},
  journal   = {Proceedings of the Royal Society of London. Series B - Biological Sciences},
  year      = {1936},
  volume    = {121},
  number    = {823},
  pages     = {376--395},
  issn      = {2053-9193},
  note      = {47 cites:},
  citation  = {https://syndication.highwire.org/content/doi/10.1098/rspb.1936.0072},
  doi       = {10.1098/rspb.1936.0072},
  publisher = {The Royal Society},
  type      = {journal-article},
  url       = {http://dx.doi.org/10.1098/rspb.1936.0072},
}

@Article{Stanley,
  author    = {Philip A. Stanley and A. Kelvin Davies},
  title     = {The effect of field of view size on steady-state pupil diameter},
  journal   = {Ophthalmic and Physiological Optics},
  year      = {1995},
  volume    = {15},
  number    = {6},
  pages     = {601--603},
  issn      = {0275-5408},
  note      = {1 cites:},
  citation  = {https://api.wiley.com/onlinelibrary/tdm/v1/articles/10.1046%2Fj.1475-1313.1995.9400019v.x},
  doi       = {10.1046/j.1475-1313.1995.9400019v.x},
  publisher = {Wiley},
  type      = {journal-article},
  url       = {http://dx.doi.org/10.1046/j.1475-1313.1995.9400019v.x},
}

@Article{Walraven,
  author    = {Pieter L. Walraven},
  title     = {The virtual pupil},
  journal   = {Journal of Modern Optics},
  year      = {2009},
  volume    = {56},
  number    = {20},
  pages     = {2251--2253},
  issn      = {0950-0340},
  note      = {1 cites:},
  citation  = {http://www.tandfonline.com/doi/pdf/10.1080/09500340903380927},
  doi       = {10.1080/09500340903380927},
  publisher = {Informa UK Limited},
  type      = {journal-article},
  url       = {http://dx.doi.org/10.1080/09500340903380927},
}

@Article{Watson,
  author    = {A. B. Watson and J. I. Yellott},
  title     = {A unified formula for light-adapted pupil size},
  journal   = {Journal of Vision},
  year      = {2012},
  volume    = {12},
  number    = {10},
  pages     = {12--12},
  issn      = {1534-7362},
  note      = {108 cites:},
  citation  = {http://www.journalofvision.org/lookup/doi/10.1167/12.10.12},
  doi       = {10.1167/12.10.12},
  publisher = {Association for Research in Vision and Ophthalmology (ARVO)},
  type      = {journal-article},
  url       = {http://dx.doi.org/10.1167/12.10.12},
}

@Article{Raiturkar,
  author    = {Pallavi Raiturkar and Andrea Kleinsmith and Andreas Keil and Arunava Banerjee and Eakta Jain},
  title     = {Decoupling light reflex from pupillary dilation to measure emotional arousal in videos},
  journal   = {Proceedings of the ACM Symposium on Applied Perception - SAP '16},
  year      = {2016},
  note      = {2 cites:},
  citation  = {http://dl.acm.org/ft_gateway.cfm?id=2931009\&amp;ftid=1749841\&amp;dwn=1},
  doi       = {10.1145/2931002.2931009},
  publisher = {ACM Press},
  type      = {proceedings-article},
  url       = {http://dx.doi.org/10.1145/2931002.2931009},
}

@Article{Garbaa,
  author    = {Hela Garbaa and Lidia Jackowska-Strumiłło and Krzysztof Grudzień and Andrzej Romanowski},
  title     = {Neural network approach to ECT inverse problem solving for estimation of gravitational solids flow},
  journal   = {Proceedings of the 2014 Federated Conference on Computer Science and Information Systems},
  year      = {2014},
  note      = {Query date: 2019-08-07},
  doi       = {10.15439/2014f368},
  publisher = {IEEE},
  type      = {proceedings-article},
  url       = {http://dx.doi.org/10.15439/2014f368},
}

@Article{Lipinski,
  author  = {Lipinski, Piotr},
  title   = {Watermarking software in practical applications},
  journal = {Bulletin of the Polish Academy of Sciences: Technical Sciences},
  year    = {2011},
  volume  = {59},
  month   = {03},
  doi     = {10.2478/v10175-011-0004-3},
}

@Article{Moon,
  author    = {Parry Moon and Domina Eberle Spencer},
  title     = {The Transient Stiles-Crawford Effect},
  journal   = {Journal of the Optical Society of America},
  year      = {1944},
  volume    = {34},
  number    = {12},
  pages     = {744--744},
  issn      = {0030-3941},
  note      = {2 cites:},
  citation  = {https://www.osapublishing.org/viewmedia.cfm?URI=josa-34-12-744\&seq=0},
  doi       = {10.1364/josa.34.000744},
  publisher = {The Optical Society},
  type      = {journal-article},
  url       = {http://dx.doi.org/10.1364/josa.34.000744},
}

@Article{de_Groot,
  author    = {S. G. de Groot and J. W. Gebhard},
  title     = {Pupil Size as Determined by Adapting Luminance*},
  journal   = {Journal of the Optical Society of America},
  year      = {1952},
  volume    = {42},
  number    = {7},
  pages     = {492--492},
  issn      = {0030-3941},
  note      = {119 cites:},
  citation  = {https://www.osapublishing.org/viewmedia.cfm?URI=josa-42-7-492\&seq=0},
  doi       = {10.1364/josa.42.000492},
  publisher = {The Optical Society},
  type      = {journal-article},
  url       = {http://dx.doi.org/10.1364/josa.42.000492},
}

@Book{Barten,
  title     = {Contrast Sensitivity of the Human Eye and Its Effects on Image Quality},
  publisher = {SPIE},
  year      = {1999},
  author    = {Peter G. Barten},
  note      = {342 cites:},
  doi       = {10.1117/3.353254},
  type      = {book},
  url       = {http://dx.doi.org/10.1117/3.353254},
}

@Article{Blackie,
  author    = {C. A. Blackie and H. C. Howland},
  title     = {An extension of an accommodation and convergence model of emmetropization to include the effects of illumination intensity},
  journal   = {Ophthalmic and Physiological Optics},
  year      = {1999},
  volume    = {19},
  number    = {2},
  pages     = {112--125},
  issn      = {0275-5408},
  note      = {1 cites:},
  citation  = {https://api.wiley.com/onlinelibrary/tdm/v1/articles/10.1046%2Fj.1475-1313.1999.00436.x},
  doi       = {10.1046/j.1475-1313.1999.00436.x},
  publisher = {Wiley},
  type      = {journal-article},
  url       = {http://dx.doi.org/10.1046/j.1475-1313.1999.00436.x},
}

@Article{Winn,
  author  = {Winn, Barry and Whitaker, David and Elliott, David and Phillips, N.J.},
  title   = {Factors affecting light-adapted pupil size in normal human subjects},
  journal = {Investigative ophthalmology \& visual science},
  year    = {1994},
  volume  = {35},
  pages   = {1132-7},
  month   = {03},
}

@Article{Doesschate,
  author    = {J Ten Doesschate and M Alpern},
  title     = {Effect of photoexcitation of the two retinas on pupil size.},
  journal   = {Journal of Neurophysiology},
  year      = {1967},
  volume    = {30},
  number    = {3},
  pages     = {562--576},
  issn      = {0022-3077},
  note      = {19 cites:},
  citation  = {http://www.physiology.org/doi/pdf/10.1152/jn.1967.30.3.562},
  doi       = {10.1152/jn.1967.30.3.562},
  publisher = {American Physiological Society},
  type      = {journal-article},
  url       = {http://dx.doi.org/10.1152/jn.1967.30.3.562},
}

@Article{,
}

@Article{Blanchard,
  author    = {Julian Blanchard.},
  title     = {The Brightness Sensibility of the Retina},
  journal   = {Physical Review},
  year      = {1918},
  volume    = {11},
  number    = {2},
  pages     = {81--99},
  issn      = {0031-899X},
  note      = {44 cites:},
  citation  = {http://link.aps.org/article/10.1103/PhysRev.11.81},
  doi       = {10.1103/physrev.11.81},
  publisher = {American Physical Society (APS)},
  type      = {journal-article},
  url       = {http://dx.doi.org/10.1103/physrev.11.81},
}

@Article{Reeves,
  author    = {Prentice Reeves},
  title     = {Rate of pupillary dilation and contraction.},
  journal   = {Psychological Review},
  year      = {1918},
  volume    = {25},
  number    = {4},
  pages     = {330--340},
  issn      = {0033-295X},
  note      = {44 cites:},
  doi       = {10.1037/h0075293},
  publisher = {American Psychological Association (APA)},
  type      = {journal-article},
  url       = {http://dx.doi.org/10.1037/h0075293},
}

@Article{Puchala,
  author    = {Dariusz Puchala and Kamil Stokfiszewski},
  title     = {Numerical accuracy of integral images computation algorithms},
  journal   = {IET Image Processing},
  year      = {2018},
  volume    = {12},
  number    = {1},
  pages     = {31--41},
  issn      = {1751-9659},
  note      = {1 cites:},
  citation  = {http://digital-library.theiet.org/content/journals/10.1049/iet-ipr.2017.0161?crawler=true},
  doi       = {10.1049/iet-ipr.2017.0161},
  publisher = {Institution of Engineering and Technology (IET)},
  type      = {journal-article},
  url       = {http://dx.doi.org/10.1049/iet-ipr.2017.0161},
}

@Article{Ebitz,
  author    = {R. Becket Ebitz and John M. Pearson and Michael L. Platt},
  title     = {Pupil size and social vigilance in rhesus macaques},
  journal   = {Frontiers in Neuroscience},
  year      = {2014},
  volume    = {8},
  issn      = {1662-453X},
  note      = {23 cites:},
  doi       = {10.3389/fnins.2014.00100},
  publisher = {Frontiers Media SA},
  type      = {journal-article},
  url       = {http://dx.doi.org/10.3389/fnins.2014.00100},
}

@Article{Fan,
  author    = {Xiaofei Fan and Gang Yao},
  title     = {Modeling Transient Pupillary Light Reflex Induced by a Short Light Flash},
  journal   = {IEEE Transactions on Biomedical Engineering},
  year      = {2011},
  volume    = {58},
  number    = {1},
  pages     = {36--42},
  issn      = {0018-9294},
  note      = {6 cites:},
  citation  = {http://xplorestaging.ieee.org/ielx5/10/5672100/05585817.pdf?arnumber=5585817},
  doi       = {10.1109/tbme.2010.2080678},
  publisher = {Institute of Electrical and Electronics Engineers (IEEE)},
  type      = {journal-article},
  url       = {http://dx.doi.org/10.1109/tbme.2010.2080678},
}

@Article{Suaste-Gomez,
  author    = {E. Suaste Gómez and H. Reyes Cruz},
  title     = {Inverse dynamic model of the pupil muscle plant in the simulation of response to sound, stimuli and hippus},
  journal   = {Environmental Health and Biomedicine},
  year      = {2011},
  note      = {Query date: 2019-08-07},
  citation  = {http://www.witpress.com/Secure/elibrary/papers/EHR11/EHR11035FU1.pdf},
  doi       = {10.2495/ehr110351},
  publisher = {WIT Press},
  type      = {proceedings-article},
  url       = {http://dx.doi.org/10.2495/ehr110351},
}

@Article{Morelli,
  author    = {Maria Morelli and Alberto Giannoni and Claudio Passino and Luigi Landini and Michele Emdin and Nicola Vanello},
  title     = {A Cross-Correlational Analysis between Electroencephalographic and End-Tidal Carbon Dioxide Signals: Methodological Issues in the Presence of Missing Data and Real Data Results},
  journal   = {Sensors},
  year      = {2016},
  volume    = {16},
  number    = {11},
  pages     = {1828--1828},
  issn      = {1424-8220},
  note      = {2 cites:},
  citation  = {http://www.mdpi.com/1424-8220/16/11/1828/pdf},
  doi       = {10.3390/s16111828},
  publisher = {MDPI AG},
  type      = {journal-article},
  url       = {http://dx.doi.org/10.3390/s16111828},
}

@Comment{jabref-meta: databaseType:bibtex;}
